@article{Kubernetes,
	Author = "{The Linux Foundation}",
	Title = {Production-Grade Container Orchestration},
	Url = {https://kubernetes.io},
	Year = {2019}
}
@article{Docker,
	Author = "{Docker Inc.}",
	Title = {Enterprise Container Platform for High-Velocity Innovation},
	Url = {https://docker.com},
	Year = {2019}
}
@article{Ansible,
	Author = "{Red Hat inc.}",
	Title = {How Ansible works},
	Url = {https://www.ansible.com/overview/how-ansible-works},
	Year = {2019}
}
@article{WhyOpenSource,
	Author = {David A. Wheeler},
	Month = {11},
	Title = {Why open source software/free software (OSS/FS)? Look at the numbers},
	Url = {http://www.robotcub.org/index.php/robotcub/content/download/290/1049/file/Why%20Open%20Source%20Software.pdf},
	Year = {2004}
}
@unpublished{Stageplan,
	Author = {Kaj de Munter},
	Title = {Stageplan en bedrijfsoriëntatie Developers.nl},
	Year = {2017}
}
@unpublished{Positioneringsprofiel,
	Author = "{Developers.nl}",
	Title = {Positioneringsprofiel Developers.nl},
	Year = {2018}
}
@unpublished{Afstudeervoorstel,
	Author = {Kaj de Munter},
	Title = {Afstudeervoorstel},
	Year = {2019}
}
@article{DockerSwarm,
	Author = "{Linux.com}",
	Title = {8 Container Orchestration Tools to Know},
	Year = {2016},
	Month = {4}
}
@article{IaC,
	Author = {Andreas Wittig, Andreas Michael},
	Title = {Amazon Web Services in Action},
	Url = {https://s3-ap-southeast-1.amazonaws.com/tv-prod/documents%2Fnull-Amazon+Web+Services+in+Action.pdf },
	Year = {2016}
}
@article{AnsibleTower,
	Author = "{Red hat inc.}",
	Title = {Ansible Tower},
	Url = {https://www.ansible.com/products/tower},
	Year = {2019}
}
@article{Chef,
	Author = "{Chef}",
	Title = {Chef},
	Url = {https://chef.io}
}
@article{Puppet,
	Author = "{Puppet}",
	Title = {Unparalleled infrastructure automation and delivery},
	Url = {https://puppet.com}
}
@article{Terraform,
	Author = "{HashiCorp}",
	Title = {Introduction to Terraform},
	Url = {https://www.terraform.io/intro/index.html}
}
@article{CloudComputing,
	Author = {Peter Mell, Tim Grance},
	Month = {10},
	Title = {The NIST definition of cloud computing},
	Url = {https://csrc.nist.gov/publications/detail/sp/800-145/final},
	Pages = {1},
	Year = {2011}
}
@article{12Factor,
	Author = {Adam Wiggins},
	Year = {2017},
	Title = {The Twelve-Factor App},
	Url = {https://12factor.net}
}
@book{TOGAF,
	Author = {Gereld Weber, Dirk Draheim},
	Year = {2006},
	Title = {Trends in Enterprise Application Architecture},
	Month = {2},
	Volume = {4437}
}
@article{4plus1,
	Author = {Philippe Kruchten},
	Year = {1995},
	Pages = {42--50},
	Title = {Architectural Blueprints—The “4+1” View
	Model of Software Architecture},
	Month = {11}
}
@article{Bedrijfscultuur,
	Author = {Marcel A Nieuwenhuis},
	Year = {2003--2010},
	Title = {The Art of Management (the-art.nl)},
	Url = {http://123management.nl/0/030_cultuur/a300_cultuur_02_typering.html},
	ISBN = {978-90-806665-1-1}
}

% UNUSED
@article{ScalabilityCharacteristics,
	Title = {Characteristics of Scalability and Their Impact on Performance},
	Year = {2000},
	Month = {9},
	Author = {André B. Bondi},
	Url = {https://www.win.tue.nl/~johanl/educ/2II45/2010/Lit/Scalability-bondi%202000.pdf}
}
@article{template,
	Abstract = {},
	Author = {},
	Journal = {},
	Month = {},
	Number = {},
	Numpages = {},
	Pages = {},
	Title = {},
	Volume = {},
	Url = {},
	Year = {}
}